
<record>
  <controlfield tag="001">862346</controlfield>
  <datafield tag="024" ind1="7" ind2=" ">
    <subfield code="a">10.1063/1.3455964</subfield>
    <subfield code="2">DOI</subfield>
  </datafield>
  <datafield tag="035" ind1=" " ind2=" ">
    <subfield code="a">Mase:2010zz</subfield>
    <subfield code="9">SPIRESTeX</subfield>
  </datafield>
  <datafield tag="035" ind1=" " ind2=" ">
    <subfield code="9">CDS</subfield>
    <subfield code="a">1352726</subfield>
  </datafield>
  <datafield tag="245" ind1=" " ind2=" ">
    <subfield code="a">LHCf: Calibration of hadron interaction models for high energy cosmic-ray physics at the LHC energy</subfield>
  </datafield>
</record>