
<record>
  <controlfield tag="001">862345</controlfield>
  <datafield tag="024" ind1="7" ind2=" ">
    <subfield code="a">10.1063/1.3455965</subfield>
    <subfield code="2">DOI</subfield>
  </datafield>
  <datafield tag="035" ind1=" " ind2=" ">
    <subfield code="a">Kawade:2010zz</subfield>
    <subfield code="9">SPIRESTeX</subfield>
  </datafield>
  <datafield tag="035" ind1=" " ind2=" ">
    <subfield code="9">CDS</subfield>
    <subfield code="a">1352727</subfield>
  </datafield>
  <datafield tag="245" ind1=" " ind2=" ">
    <subfield code="a">The performance of LHCf detector</subfield>
  </datafield>
</record>