
<record>
  <controlfield tag="001">849235</controlfield>
  <datafield tag="245" ind1=" " ind2=" ">
    <subfield code="a">Astroparticle physics at LHC: The LHCf experiment ready for data taking</subfield>
  </datafield>
  <datafield tag="024" ind1="7" ind2=" ">
    <subfield code="a">10.1016/j.nima.2009.08.039</subfield>
    <subfield code="2">DOI</subfield>
  </datafield>
  <datafield tag="035" ind1=" " ind2=" ">
    <subfield code="a">Bongi:2010zz</subfield>
    <subfield code="9">SPIRESTeX</subfield>
  </datafield>
  <datafield tag="035" ind1=" " ind2=" ">
    <subfield code="9">CDS</subfield>
    <subfield code="a">1279392</subfield>
  </datafield>
</record>